@article{runge1895,
    author="Runge, C.",
    title="Ueber die numerische Aufl{\"o}sung von Differentialgleichungen",
    journal="Mathematische Annalen",
    year="1895",
    month="Jun",
    day="01",
    volume="46",
    number="2",
    pages="167--178",
    issn="1432-1807",
    doi="10.1007/BF01446807",
    url="https://doi.org/10.1007/BF01446807"
}

@book{suli2003,
    title={An introduction to numerical analysis},
    author={S{\"u}li, E. and Mayers, D. F.},
    year={2003},
    publisher={Cambridge university press}
}

@book{larsson2008,
    title={Partial differential equations with numerical methods},
    author={Larsson, S. and Thom{\'e}e, V.},
    volume={45},
    year={2008},
    publisher={Springer Science \& Business Media}
}

@article{gear1988,
    author="Gear, C. W.",
    title="Parallel methods for ordinary differential equations",
    journal="CALCOLO",
    year="1988",
    month="Mar",
    day="01",
    volume="25",
    number="1",
    pages="1--20",
    issn="1126-5434",
    doi="10.1007/BF02575744",
    url="https://doi.org/10.1007/BF02575744"
}

@misc{solodushkin2016,
    title={Parallel Numerical Methods for Ordinary Differential Equations: a Survey},
    author={Solodushkin, S. I. and Iumanova, I. F.},
    year={2016}
}

@article{parareal,
    author = {{Lions}, J.},
    title = "{R{\'e}solution d'EDP par un sch{\'e}ma en temps {\guillemotleft}parar{\'e}el {\guillemotright}A ``parareal'' in time discretization of PDE's}",
    journal = {Academie des Sciences Paris Comptes Rendus Serie Sciences Mathematiques},
    year = "2001",
    month = "Apr",
    volume = {332},
    number = {7},
    pages = {661-668},
    doi = {10.1016/S0764-4442(00)01793-6},
    adsurl = {https://ui.adsabs.harvard.edu/abs/2001CRASM.332..661L},
    adsnote = {Provided by the SAO/NASA Astrophysics Data System}
}

@article{staff2003,
    title={The parareal algorithm},
    author={Staff, G. A.},
    journal={Science And Technology},
    volume={60},
    number={2},
    pages={173--184},
    year={2003}
}

@article{emmett2012,
    title={Toward an efficient parallel in time method for partial differential equations},
    author={Emmett, M. and Minion, M.},
    journal={Communications in Applied Mathematics and Computational Science},
    volume={7},
    number={1},
    pages={105--132},
    year={2012},
    publisher={Mathematical Sciences Publishers}
}

@misc{raissi2017,
    title={Physics Informed Deep Learning (Part I): Data-driven Solutions of Nonlinear Partial Differential Equations},
    author={Raissi, M. and Perdikaris, P. and Karniadakis, G. E.},
    year={2017},
    eprint={1711.10561},
    archivePrefix={arXiv},
    primaryClass={cs.AI}
}

@article{sirignano2018,
   title={{DGM}: A deep learning algorithm for solving partial differential equations},
   volume={375},
   ISSN={0021-9991},
   url={http://dx.doi.org/10.1016/j.jcp.2018.08.029},
   DOI={10.1016/j.jcp.2018.08.029},
   journal={Journal of Computational Physics},
   publisher={Elsevier BV},
   author={Sirignano, J. and Spiliopoulos, K.},
   year={2018},
   month={Dec},
   pages={1339–1364}
}

@misc{lu2019,
    title={{DeepXDE}: A deep learning library for solving differential equations},
    author={Lu, L. and others},
    year={2019},
    eprint={1907.04502},
    archivePrefix={arXiv},
    primaryClass={cs.LG}
}

@misc{meng2019,
    title={{PPINN}: Parareal Physics-Informed Neural Network for time-dependent {PDE}s},
    author={Meng, X. and others},
    year={2019},
    eprint={1909.10145},
    archivePrefix={arXiv},
    primaryClass={physics.comp-ph}
}

@article {han2018,
	author = {Han, J. and Jentzen, A. and Weinan, E.},
	title = {Solving high-dimensional partial differential equations using deep learning},
	volume = {115},
	number = {34},
	pages = {8505--8510},
	year = {2018},
	doi = {10.1073/pnas.1718942115},
	publisher = {National Academy of Sciences},
	issn = {0027-8424},
	URL = {https://www.pnas.org/content/115/34/8505},
	eprint = {https://www.pnas.org/content/115/34/8505.full.pdf},
	journal = {Proceedings of the National Academy of Sciences}
}

@article{regazzoni2019,
    author = {Regazzoni, F. and Dede, L. and Quarteroni, A.},
    year = {2019},
    month = {Jul},
    pages = {},
    title = {Machine learning for fast and reliable solution of time-dependent differential equations},
    journal = {Journal of Computational Physics},
    doi = {10.1016/j.jcp.2019.07.050}
}

@article{dalcin2005,
	title = "{MPI} for {P}ython",
	journal = "Journal of Parallel and Distributed Computing",
	volume = "65",
	number = "9",
	pages = "1108 - 1115",
	year = "2005",
	issn = "0743-7315",
	doi = "https://doi.org/10.1016/j.jpdc.2005.03.010",
	url = "http://www.sciencedirect.com/science/article/pii/S0743731505000560",
	author = "Dalcín, L. and Paz, R. and Storti, M."
}

@article{scipy2020,
    author = {Virtanen, P. and others},
    title = "{SciPy 1.0: Fundamental Algorithms for Scientific Computing in Python}",
    journal = {Nature Methods},
    year = "2020",
    adsurl = {https://rdcu.be/b08Wh},
    doi = {https://doi.org/10.1038/s41592-019-0686-2},
}

@article{pedregosa2011,
    title={Scikit-learn: Machine Learning in {P}ython},
    author={Pedregosa, F. and others},
    journal={Journal of Machine Learning Research},
    volume={12},
    pages={2825--2830},
    year={2011}
}

@misc{mart2015,
    title={ {TensorFlow}: Large-Scale Machine Learning on Heterogeneous Systems},
    url={https://www.tensorflow.org/},
    note={Software available from tensorflow.org},
    author={Abadi, M. and others},
    year={2015},
}

@misc{chollet2015,
    title={Keras},
    author={Chollet, Fran\c{c}ois and others},
    year={2015},
    howpublished={\url{https://keras.io}},
}

@incollection{paszke2019,
    title = {{PyTorch}: An Imperative Style, High-Performance Deep Learning Library},
    author = {Paszke, A. and others},
    booktitle = {Advances in Neural Information Processing Systems 32},
    editor = {H. Wallach and H. Larochelle and A. Beygelzimer and F. d\' Alch\'{e}-Buc and E. Fox and R. Garnett},
    pages = {8024--8035},
    year = {2019},
    publisher = {Curran Associates, Inc.},
    url = {\url{http://papers.neurips.cc/paper/9015-pytorch-an-imperative-style-high-performance-deep-learning-library.pdf}}
}

@article{fenics2015,
    title = {The {FEniCS} Project Version 1.5},
    author = {Aln{\ae}s, M. S. and others},
    year = {2015},
    journal = {Archive of Numerical Software},
    volume = {3},
    number = {100},
    doi = {10.11588/ans.2015.100.20553},
    page = {9-23},
}

@article{fipy2009,
    author =    {Guyer, J. E. and Wheeler, E. and Warren, J. A.},
    title =     {{FiPy}: Partial Differential Equations with {P}ython},
    publisher = {IEEE},
    year =      2009,
    journal =   {Computing in Science \& Engineering},
    volume =    11,
    number =    3,
    pages =     {6-15},
    url =       {http://www.ctcms.nist.gov/fipy},
    doi =       {10.1109/MCSE.2009.52},
}

@article{behnel2010,
    author={Behnel, S. and others},
    journal={Computing in Science Engineering},
    title={Cython: The Best of Both Worlds},
    year={2011},
    month={Mar-Apr},
    volume={13},
    number={2},
    pages={31 -39},
    keywords={Cython language;Fortran code;Python language extension;numerical loops;programming language;C language;numerical analysis;},
    doi={10.1109/MCSE.2010.118},
    ISSN={1521-9615},
}

@article{lotka1926,
  title={Elements of physical biology},
  author={Lotka, A. J.},
  journal={Science Progress in the Twentieth Century (1919-1933)},
  volume={21},
  number={82},
  pages={341--343},
  year={1926},
  publisher={JSTOR}
}

@book{volterra1927,
  title={Variazioni e fluttuazioni del numero d'individui in specie animali conviventi},
  author={Volterra, V.},
  year={1927},
  publisher={C. Ferrari}
}

@article{black1973,
    ISSN = {00223808, 1537534X},
    URL = {http://www.jstor.org/stable/1831029},
    author = {Black, F. and Scholes, M.},
    journal = {Journal of Political Economy},
    number = {3},
    pages = {637--654},
    publisher = {University of Chicago Press},
    title = {The Pricing of Options and Corporate Liabilities},
    volume = {81},
    year = {1973}
}

@misc{sanchez2018,
    title={Fitting Large-Scale {G}aussian Mixtures With Accelerated Gradient Descent},
    author={Sanchez, N.},
    year = 2018,
    url={https://static.epcc.ed.ac.uk/dissertations/hpc-msc/2017-2018/Nestor_Sanchez-dissertation_report.pdf},
}

@article{gurrala2015,
    title={Parareal in time for fast power system dynamic simulations},
    author={Gurrala, G. and others},
    journal={IEEE Transactions on Power Systems},
    volume={31},
    number={3},
    pages={1820--1830},
    year={2015},
    publisher={IEEE}
}

@inproceedings{duan2016,
    title={Applying reduced generator models in the coarse solver of parareal in time parallel power system simulation},
    author={Duan, N. and others},
    booktitle={2016 IEEE PES Innovative Smart Grid Technologies Conference Europe (ISGT-Europe)},
    pages={1--5},
    year={2016},
    organization={IEEE}
}

@article{berry2012,
    title={Event-based parareal: A data-flow based implementation of parareal},
    author={Berry, L. A. and others},
    journal={Journal of Computational Physics},
    volume={231},
    number={17},
    pages={5945--5954},
    year={2012},
    publisher={Elsevier}
}

@article{aubanel2011,
    title={Scheduling of tasks in the parareal algorithm},
    author={Aubanel, E.},
    journal={Parallel Computing},
    volume={37},
    number={3},
    pages={172--182},
    year={2011},
    publisher={Elsevier}
}

@article{gander2007,
    title={Analysis of the parareal time-parallel time-integration method},
    author={Gander, M. J. and Vandewalle, S.},
    journal={SIAM Journal on Scientific Computing},
    volume={29},
    number={2},
    pages={556--578},
    year={2007},
    publisher={SIAM}
}

@article{lagaris1998,
    title={Artificial neural networks for solving ordinary and partial differential equations},
    author={Lagaris, I. E. and Likas, A. and Fotiadis, D. I},
    journal={IEEE transactions on neural networks},
    volume={9},
    number={5},
    pages={987--1000},
    year={1998},
    publisher={IEEE}
}

@article{lagaris2000,
    title={Neural-network methods for boundary value problems with irregular boundaries},
    author={Lagaris, I. E. and Likas, A. C. and Papageorgiou, D. G.},
    journal={IEEE Transactions on Neural Networks},
    volume={11},
    number={5},
    pages={1041--1049},
    year={2000},
    publisher={IEEE}
}

@article{hornik1991,
    title={Approximation capabilities of multilayer feedforward networks},
    author={Hornik, K.},
    journal={Neural networks},
    volume={4},
    number={2},
    pages={251--257},
    year={1991},
    publisher={Elsevier}
}

@article{tartakovsky2018,
    title={Learning parameters and constitutive relationships with physics informed deep neural networks},
    author={Tartakovsky, A. M. and others},
    journal={arXiv preprint arXiv:1808.03398},
    year={2018}
}

@article{misyris2019,
    title={Physics-Informed Neural Networks for Power Systems},
    author={Misyris, G. S. and Venzke, A. and Chatzivasileiadis, S.},
    journal={arXiv preprint arXiv:1911.03737},
    year={2019}
}