@ARTICLE{2001CRASM.332..661L,
       author = {{Lions}, J.},
        title = "{R{\'e}solution d'EDP par un sch{\'e}ma en temps {\guillemotleft}parar{\'e}el {\guillemotright}A ``parareal'' in time discretization of PDE's}",
      journal = {Academie des Sciences Paris Comptes Rendus Serie Sciences Mathematiques},
         year = "2001",
        month = "Apr",
       volume = {332},
       number = {7},
        pages = {661-668},
          doi = {10.1016/S0764-4442(00)01793-6},
       adsurl = {https://ui.adsabs.harvard.edu/abs/2001CRASM.332..661L},
      adsnote = {Provided by the SAO/NASA Astrophysics Data System}
}

